<record xmlns="http://www.loc.gov/MARC21/slim">
    <leader>04062ctm a2200589Ii 4500</leader>
    <controlfield tag="001">99900477832201852</controlfield>
    <controlfield tag="005">20200115084337.5</controlfield>
    <controlfield tag="008">180301s1290 it 000 0 lat d</controlfield>
    <datafield ind1=" " ind2=" " tag="035">
        <subfield code="a">(OCoLC)1026484788</subfield>
    </datafield>
    <datafield ind1=" " ind2=" " tag="035">
        <subfield code="a">(OCoLC)on1026484788</subfield>
    </datafield>
    <datafield ind1=" " ind2=" " tag="035">
        <subfield code="a">(EXLNZ-01ALLIANCE_NETWORK)99324887609701451</subfield>
    </datafield>
    <datafield ind1=" " ind2=" " tag="040">
        <subfield code="a">ORU</subfield>
        <subfield code="b">eng</subfield>
        <subfield code="e">rda</subfield>
        <subfield code="c">ORU</subfield>
        <subfield code="d">OCLCQ</subfield>
        <subfield code="d">ORU</subfield>
        <subfield code="d">OCLCF</subfield>
    </datafield>
    <datafield ind1=" " ind2=" " tag="041">
        <subfield code="a">lat</subfield>
    </datafield>
    <datafield ind1=" " ind2=" " tag="049">
        <subfield code="a">MAIN</subfield>
    </datafield>
    <datafield ind1="0" ind2=" " tag="100">
        <subfield code="a">Gregory</subfield>
        <subfield code="b">IX,</subfield>
        <subfield code="c">Pope,</subfield>
        <subfield code="d">approximately 1170-1241,</subfield>
        <subfield code="e">author.</subfield>
    </datafield>
    <datafield ind1="1" ind2="0" tag="245">
        <subfield code="a">Decretals.</subfield>
        <subfield code="n">Libri V.</subfield>
    </datafield>
    <datafield ind1=" " ind2="0" tag="264">
        <subfield code="a">Rome ;</subfield>
        <subfield code="c">1290.</subfield>
    </datafield>
    <datafield ind1=" " ind2=" " tag="300">
        <subfield code="a">270+1 leaves :</subfield>
        <subfield code="b">vellum ;</subfield>
        <subfield code="c">310 x 210 mm.</subfield>
    </datafield>
    <datafield ind1=" " ind2=" " tag="336">
        <subfield code="a">text</subfield>
        <subfield code="b">txt</subfield>
        <subfield code="2">rdacontent</subfield>
    </datafield>
    <datafield ind1=" " ind2=" " tag="337">
        <subfield code="a">unmediated</subfield>
        <subfield code="b">n</subfield>
        <subfield code="2">rdamedia</subfield>
    </datafield>
    <datafield ind1=" " ind2=" " tag="338">
        <subfield code="a">volume</subfield>
        <subfield code="b">nc</subfield>
        <subfield code="2">rdacarrier</subfield>
    </datafield>
    <datafield ind1=" " ind2=" " tag="561">
        <subfield code="a">Ex Libris IOS. Martini LVC. Ex Libris Edward Sanford Burgess.
            &quot;Catalog 346&quot; on Flyleaf. Inscription: &quot;Iste Liber est S. Bartholomei de
            Azano diocesis Astensis ordinis S. Benedicti congregationis S. Justine Signatus No.
            19&quot; [Translation] &quot;This Document is of (the Abbey of) Saint Bartholomeo of
            Azzano, of the diocese of Asti, of the order of Saint Benedict, the congregation of
            Saint Justin. Signed No. 19.&quot; Professor Paveti of the University of
            Sienna.</subfield>
    </datafield>
    <datafield ind1=" " ind2=" " tag="583">
        <subfield code="a">Item cataloged from existing description by C. Pierce and J. Fox, and in
            hand by Erika Milo and Ian Scott, July/August 2018.</subfield>
    </datafield>
    <datafield ind1=" " ind2=" " tag="540">
        <subfield code="a">All requests for permission to quote or publish from manuscripts must be
            submitted in writing to the Head of Special Collections &amp; University
            Archives.</subfield>
    </datafield>
    <datafield ind1=" " ind2=" " tag="541">
        <subfield code="a">Acquired by purchase and donation from Julia Burgess, circa
            1935-1924.</subfield>
    </datafield>
    <datafield ind1="1" ind2=" " tag="541">
        <subfield code="c">Donation/Purchase ;</subfield>
        <subfield code="a">Julia Burgess,</subfield>
        <subfield code="d">1935-1942.</subfield>
    </datafield>
    <datafield ind1=" " ind2=" " tag="520">
        <subfield code="a">This monumental collection of Cannon Law served to largely build from and
            clarify former collections of such as Decretum Gratani. 5 books divided into titles,
            with titles subdivided into chapters; following the divisions of &apos;Quinque
            Compilationes Antique.&apos;</subfield>
    </datafield>
    <datafield ind1=" " ind2=" " tag="500">
        <subfield code="a">Manuscript codex.</subfield>
    </datafield>
    <datafield ind1=" " ind2=" " tag="500">
        <subfield code="a">Title devised by cataloger.</subfield>
    </datafield>
    <datafield ind1=" " ind2=" " tag="500">
        <subfield code="a">Collation: 270 leaves, with 1 leaf removed (having been stained blue).
            Quires of 12, VII⁴, XVI⁸,XX¹⁴,XXII⁸,XXIII(a)³,XXIII(b)¹⁰,XXIV¹¹.</subfield>
    </datafield>
    <datafield ind1=" " ind2=" " tag="500">
        <subfield code="a">Origin: Rome.</subfield>
    </datafield>
    <datafield ind1=" " ind2=" " tag="500">
        <subfield code="a">Layout: 2 columns with upper central medallion, also in 2 columns. 90
            lines in the major column, 46 lines in the medallion. Visible Pricking. Glossa
            interlinaris &amp; marginalise.</subfield>
    </datafield>
    <datafield ind1=" " ind2=" " tag="500">
        <subfield code="a">Script: Gothic bookhand in multiple hands. With marginalia in multiple
            cursives.</subfield>
    </datafield>
    <datafield ind1=" " ind2=" " tag="500">
        <subfield code="a">Decoration: Capitals in blue with red tracery.</subfield>
    </datafield>
    <datafield ind1=" " ind2=" " tag="500">
        <subfield code="a">Binding: Brown Morocco over boards showing 5 raised bands on the spine.
            Gilded text, &quot;GREGORII IX / DECRETALIUM / LIBRI V / VARORIUM GLOSSAE / CODEX
            MEMBRANEUS / SAEC. XIII&quot;</subfield>
    </datafield>
    <datafield ind1=" " ind2=" " tag="500">
        <subfield code="a">Final leaf of scribal notes.</subfield>
    </datafield>
    <datafield ind1=" " ind2=" " tag="500">
        <subfield code="a">Penciled Foliation.</subfield>
    </datafield>
    <datafield ind1=" " ind2=" " tag="500">
        <subfield code="a">Shelfmark: Eugene, OR, Special Collections and University Archives,
            University of Oregon, MS 027.</subfield>
    </datafield>
    <datafield ind1=" " ind2=" " tag="546">
        <subfield code="a">In Latin.</subfield>
    </datafield>
    <datafield ind1=" " ind2=" " tag="506">
        <subfield code="a">RESTRICTED ORIGINAL. USE DIGITAL COPY ONLY:</subfield>
        <subfield code="b">Use of original only by permission of the rare books curator. Inquiries
            concerning this item should be directed, in writing, to the Public Services Librarian,
            Special Collections Department, UO Libraries, or electronically:</subfield>
        <subfield code="u"
            >https://library.uoregon.edu/special-collections/research-assistance.</subfield>
    </datafield>
    <datafield ind1=" " ind2="0" tag="650">
        <subfield code="a">Manuscripts, Medieval</subfield>
        <subfield code="z">Oregon</subfield>
        <subfield code="z">Eugene.</subfield>
    </datafield>
    <datafield ind1=" " ind2="7" tag="650">
        <subfield code="a">Manuscripts, Medieval.</subfield>
        <subfield code="2">fast</subfield>
        <subfield code="0">(OCoLC)fst01008422</subfield>
    </datafield>
    <datafield ind1=" " ind2="7" tag="651">
        <subfield code="a">Oregon</subfield>
        <subfield code="z">Eugene.</subfield>
        <subfield code="2">fast</subfield>
        <subfield code="0">(OCoLC)fst01205922</subfield>
    </datafield>
    <datafield ind1=" " ind2="0" tag="655">
        <subfield code="a">Manuscripts, Latin (medieval and modern).</subfield>
    </datafield>
    <datafield ind1="0" ind2="0" tag="600">
        <subfield code="a">Gregory</subfield>
        <subfield code="b">IX,</subfield>
        <subfield code="c">Pope,</subfield>
        <subfield code="d">approximately 1170-1241.</subfield>
        <subfield code="t">Decretales D. Gregorii Papæ IX.</subfield>
    </datafield>
    <datafield ind1="2" ind2=" " tag="710">
        <subfield code="a">University of Oregon.</subfield>
        <subfield code="b">Libraries.</subfield>
        <subfield code="b">Special Collections &amp; University Archives.</subfield>
        <subfield code="k">Manuscript.</subfield>
        <subfield code="n">MS 027.</subfield>
    </datafield>
    <datafield ind1="0" ind2=" " tag="740">
        <subfield code="a">Decretals Gregorii IX</subfield>
    </datafield>
    <datafield ind1="1" ind2=" " tag="700">
        <subfield code="a">Burgess, Edward Sandford,</subfield>
        <subfield code="d">1855-1928,</subfield>
        <subfield code="e">former owner.</subfield>
    </datafield>
    <datafield ind1="1" ind2=" " tag="700">
        <subfield code="a">Burgess, Julia,</subfield>
        <subfield code="e">former owner.</subfield>
    </datafield>
    <datafield ind1=" " ind2=" " tag="851">
        <subfield code="a">Special Collections and University Archives,</subfield>
        <subfield code="c">University of Oregon, Eugene, OR 97403.</subfield>
    </datafield>
    <datafield ind1="8" ind2=" " tag="852">
        <subfield code="8">22329397490001852</subfield>
        <subfield code="b">SpecColl</subfield>
        <subfield code="c">spvault</subfield>
        <subfield code="h">MS 027</subfield>
    </datafield>
    <datafield ind1=" " ind2=" " tag="994">
        <subfield code="a">92</subfield>
        <subfield code="b">OCACL</subfield>
    </datafield>
</record>
